@article{Lee2015,
    author = {Lee, Christopher and Harper, Marc and Fryer, Dashiell},
    doi = {10.1371/journal.pone.0120625},
    file = {:Users/vince/Dropbox/Mendeley/2015/2015 - Lee, Harper, Fryer - The Art of War Beyond Memory-one Strategies in Population Games.pdf:pdf},
    issn = {1932-6203},
    journal = {Plos One},
    mendeley-groups = {manuscripts/An-open-reproducible-framework-for-the-study-of-the-iterated-prisoners-dilemma},
    number = {3},
    pages = {e0120625},
    title = {{The Art of War: Beyond Memory-one Strategies in Population Games}},
    url = {http://dx.plos.org/10.1371/journal.pone.0120625},
    volume = {10},
    year = {2015}
}

@book{Nowak,
    author = {Nowak, Martin A},
    doi = {10.1086/523139},
    isbn = {0674023382},
    issn = {0033-5770},
    pmid = {242996800028},
    publisher = {Cambridge: Harvard University Press},
    title = {{Evolutionary Dynamics: Exploring the Equations of Life.}}
}

@misc{axelrodproject,
  author       = {{ {The Axelrod project developers} }},
  title        = {Axelrod: v2.9.0},
  month        = apr,
  year         = 2016,
  doi          = {499122},
  url          = {http://dx.doi.org/10.5281/zenodo.499122}
}

@article{Moran1957,
	author = {Moran, P.A.P.},
	number = {April},
	pages = {60--71},
	title = {{Random Processes in Genetics}},
	year = {1957}
}

@article{Li2014,
	author = {Li, Jiawei and Kendall, Graham and Member, Senior},
	file = {:home/vince/Downloads/06642072.pdf:pdf},
	number = {X},
	pages = {1--8},
	title = {{The effect of memory size on the evolutionary stability of strategies in iterated prisoner ' s dilemma}},
	volume = {X},
	year = {2014}
}

@article{Axelrod1980a,
    author = {Axelrod, R.},
    file = {:home/vince/.local/share/data/Mendeley Ltd./Mendeley Desktop/Downloaded/Axelrod - 1980 - Effective Choice in the Prisoner's Dilemma.pdf:pdf},
    journal = {Journal of Conflict Resolution},
    mendeley-groups = {manuscripts/Playing-Games,software{\_}projects/Axelrod,manuscripts/An-open-reproducible-framework-for-the-study-of-the-iterated-prisoners-dilemma},
    number = {1},
    pages = {3--25},
    title = {{Effective Choice in the Prisoner's Dilemma}},
    volume = {24},
    year = {1980}
}

@article{Baek2016,
	author = {Baek, Seung Ki and Jeong, Hyeong-chai and Hilbe, Christian and Nowak, Martin A},
	doi = {10.1038/srep25676},
	journal = {Nature Publishing Group},
	pages = {1--13},
	publisher = {Nature Publishing Group},
	title = {{Comparing reactive and memory- one strategies of direct reciprocity}},
	url = {http://dx.doi.org/10.1038/srep25676},
	year = {2016}
}

